../book/python2.bib